<record><leader>00000cas a22000007a 4500</leader><controlfield tag="001">18386156</controlfield><controlfield tag="008">880822d18541856ohuwr ne      0    0eng d</controlfield><datafield ind1=" " ind2=" " tag="010"><subfield code="a">sn 88077718 </subfield></datafield><datafield ind1=" " ind2=" " tag="040"><subfield code="a">ONP</subfield><subfield code="b">eng</subfield><subfield code="c">ONP</subfield><subfield code="d">OCLCQ</subfield></datafield><datafield ind1=" " ind2=" " tag="042"><subfield code="a">msc</subfield></datafield><datafield ind1="0" ind2="0" tag="245"><subfield code="a">Columbus elevator.</subfield></datafield><datafield ind1=" " ind2=" " tag="260"><subfield code="a">Columbus O. [Ohio] :</subfield><subfield code="b">G.M. Swan &amp; C.V. Culver,</subfield><subfield code="c">1854-</subfield></datafield><datafield ind1=" " ind2=" " tag="310"><subfield code="a">Weekly</subfield></datafield><datafield ind1="0" ind2=" " tag="362"><subfield code="a">Vol. 5, no. 18 (May 20, 1854)-</subfield></datafield><datafield ind1="1" ind2=" " tag="362"><subfield code="a">Ceased with Aug. 2, 1856 issue.</subfield></datafield><datafield ind1=" " ind2=" " tag="752"><subfield code="a">United States</subfield><subfield code="b">Ohio</subfield><subfield code="c">Franklin</subfield><subfield code="d">Columbus.</subfield></datafield><datafield ind1="0" ind2="0" tag="780"><subfield code="t">Swan's elevator</subfield><subfield code="w">(DLC)sn 84024191</subfield></datafield><datafield ind1="0" ind2="0" tag="785"><subfield code="t">Columbus gazette (Columbus, Ohio : 1856)</subfield><subfield code="w">(DLC)sn 84028664</subfield></datafield></record>